@book{Abramowitz1972,
  author = {Abramowitz, M. and Stegun, I. A.},
  title = {{Handbook of Mathematical Functions}},
  publisher = {National Bureau of Standards},
  year = {1972}
}

@book{Abrikosov1975,
  author = {Abrikosov, A. A. and Gorkov, L. P. and Dzyaloshinski, I. E.},
  title = {{Methods of Quantum Field Theory in Statistical Physics}},
  publisher = {Dover},
  year = {1975}
}

@article{Andrenacci2003,
  author = {Andrenacci, N. and Pieri, P. and Strinati, G. C.},
  title = {{Evolution from BCS superconductivity to Bose-Einstein condensation: Current correlation function in the broken-symmetry phase}},
  doi = {10.1103/PhysRevB.68.144507},
  journal = {Phys. Rev. B},
  volume = {68},
  pages = {144507},
  year = {2003}
}

@phdthesis{Barth2015,
  author = {Barth, M.},
  title = {{Few-Body Correlations in Many-Body Physics}},
  school = {TU München, T34},
  year = {2015}
}

@article{Bauer2014,
  author = {Bauer, M. and Parish, M. M. and Enss, T.},
  title = {{Universal Equation of State and Pseudogap in the Two-Dimensional Fermi Gas}},
  doi = {10.1103/PhysRevLett.112.135302},
  journal = {Phys. Rev. Lett.},
  volume = {112},
  pages = {135302},
  year = {2014}
}

@misc{Bauer2023,
  author = {Bauer, M.},
  title = {{Lattice Monte Carlo for strongly interacting Fermi gases}},
  howpublished = {private communication},
  year = {2023}
}

@mastersthesis{Bzdusek2013,
  author = {Bzdu\v{s}ek, T.},
  title = {{Anomalous Spectral Function of a Superconductor}},
  doi = {10.13140/RG.2.2.36293.12000},
  school = {U. Bratislava},
  year = {2013}
}

@article{Bloch2008,
  author = {Bloch, I. and Dalibard, J. and Zwerger, W.},
  title = {{Many-body physics with ultracold gases}},
  doi = {10.1103/RevModPhys.80.885},
  journal = {Rev. Mod. Phys.},
  volume = {80},
  pages = {885},
  year = {2008}
}

@article{Boettcher2012,
  author = {Boettcher, I. and Pawlowski, J. M. and Diehl, S.},
  title = {{Ultracold atoms and the Functional Renormalization Group}},
  doi = {10.1016/j.nuclphysbps.2012.06.004},
  journal = {Nucl. Phys. B Proc. Suppl.},
  volume = {228},
  pages = {63--135},
  year = {2012}
}

@article{Boettcher2013,
  author = {Boettcher, I. and Diehl, S. and Pawlowski, J. M. and Wetterich, C.},
  title = {{Tan contact and universal high momentum behavior of the fermion propagator in the BCS-BEC crossover}},
  doi = {10.1103/PhysRevA.87.023606},
  journal = {Phys. Rev. A},
  volume = {87},
  number = {2},
  pages = {023606},
  year = {2013}
}

@phdthesis{Boettcher2014,
  author = {Boettcher, I.},
  title = {{Dimensional BCS-BEC crossover in ultracold Fermi gases}},
  doi = {10.11588/heidok.00017894},
  school = {U. Heidelberg, ITP},
  year = {2014}
}

@article{Bruun2010,
  author = {Bruun, G. M. and Massignan, P.},
  title = {{Decay of Polarons and Molecules in a Strongly Polarized Fermi Gas}},
  doi = {10.1103/PhysRevLett.105.020403},
  journal = {Phys. Rev. Lett.},
  volume = {105},
  pages = {020403},
  year = {2010}
}

@phdthesis{Cerrito2007,
  author = {Cerrito, S.},
  title = {{Thermodynamics of the BCS-BEC Crossover}},
  school = {TU München, T34},
  year = {2007}
}

@article{Chevy2006,
  author = {Chevy, F.},
  title = {{Universal phase diagram of a strongly interacting Fermi gas with unbalanced spin populations}},
  doi = {10.1103/PhysRevA.74.063628},
  journal = {Phys. Rev. A},
  volume = {74},
  pages = {063628},
  year = {2006}
}

@article{Chien2010,
  author = {Chien, C.-C. and Guo, H. and He, Y. and Levin, K.},
  title = {{Comparative study of BCS-BEC crossover theories above ${T}_{c}$: The nature of the pseudogap in ultracold atomic Fermi gases}},
  doi = {10.1103/PhysRevA.81.023622},
  journal = {Phys. Rev. A},
  volume = {81},
  pages = {023622},
  year = {2010}
}

@article{Combescot2007,
  author = {Combescot, R. and Recati, A. and Lobo, C. and Chevy, F.},
  title = {{Normal State of Highly Polarized Fermi Gases: Simple Many-Body Approaches}},
  doi = {10.1103/PhysRevLett.98.180402},
  journal = {Phys. Rev. Lett.},
  volume = {98},
  pages = {180402},
  year = {2007}
}

@article{Combescot2008,
  author = {Combescot, R. and Giraud, S.},
  title = {{Normal State of Highly Polarized Fermi Gases: Full Many-Body Treatment}},
  doi = {10.1103/PhysRevLett.101.050404},
  journal = {Phys. Rev. Lett.},
  volume = {101},
  pages = {050404},
  year = {2008}
}

@phdthesis{Diehl2006-1,
  author = {Diehl, S.},
  title = {{The BCS - BEC Crossover in Ultracold Fermion Gases}},
  doi = {10.11588/heidok.00006965},
  school = {U. Heidelberg, ITP},
  year = {2006}
}

@article{Diehl2006-2,
  author = {Diehl, S. and Wetterich, C.},
  title = {{Universality in phase transitions for ultracold fermionic atoms}},
  doi = {10.1103/PhysRevA.73.033615},
  journal = {Phys. Rev. A},
  volume = {73},
  pages = {033615},
  year = {2006}
}

@article{Diehl2007,
  author = {Diehl, S. and Wetterich, C.},
  title = {{Functional integral for ultracold fermionic atoms}},
  doi = {10.1016/j.nuclphysb.2007.02.026},
  journal = {Nucl. Phys. B},
  volume = {770},
  pages = {206-272},
  year = {2007}
}

@article{Diehl2008,
	author = {Diehl, S. and Krahl, H. C. and Scherer, M.},
	title = {{Three-body scattering from nonperturbative flow equations}},
	doi = {10.1103/PhysRevC.78.034001},
	journal = {Phys. Rev. C},
	volume = {78},
	pages = {034001},
	year = {2008}
}

@article{Diehl2010,
  author = {Diehl, S. and Floerchinger, S. and Gies, H. and Pawlowski, J. M. and Wetterich, C.},
  title = {{Functional renormalization group approach to the BCS-BEC crossover}},
  doi = {10.1002/andp.201010458},
  journal = {Ann. Phys.},
  volume = {522},
  pages = {615-656},
  year = {2010}
}

@article{Diener2008,
  author = {Diener, R. B. and Sensarma, R. and Randeria, M.},
  title = {{Quantum fluctuations in the superfluid state of the BCS-BEC crossover}},
  doi = {10.1103/PhysRevA.77.023626},
  journal = {Phys. Rev. A},
  volume = {77},
  pages = {023626},
  year = {2008}
}

@article{Dyson1949,
  author = {Dyson, F. J.},
  title = {{The $S$ Matrix in Quantum Electrodynamics}},
  doi = {10.1103/PhysRev.75.1736},
  journal = {Phys. Rev.},
  volume = {75},
  pages = {1736--1755},
  year = {1949}
}

@article{Engelbrecht1997,
  author = {Engelbrecht, J. R. and Randeria, M. and S\'ade Melo, C. A. R.},
  title = {{BCS to Bose crossover: Broken-symmetry state}},
  doi = {10.1103/PhysRevB.55.15153},
  journal = {Phys. Rev. B},
  volume = {55},
  pages = {15153--15156},
  year = {1997}
}

@unpublished{Enss2015,
  author = {Enss, T.},
  title = {{Condensed Matter Theory}},
  note = {Lecture Notes, U. Heidelberg, ITP},
  year = {2015}
}

@phdthesis{Faigle-Cedzich2022,
  author = {Faigle-Cedzich, B. M.},
  title = {{Towards understanding the dimensional BCS-BEC crossover and its spectral properties}},
  doi = {10.11588/heidok.00031885},
  school = {U. Heidelberg, ITP},
  year = {2022}
}

@article{Falco2007,
  author = {Falco, G. M. and Stoof, H. T. C.},
  title = {{Dressed molecules in resonantly interacting ultracold atomic Fermi gases}},
  doi = {10.1103/PhysRevA.75.023612},
  journal = {Phys. Rev. A},
  volume = {75},
  pages = {023612},
  year = {2007}
}

@book{Fetter1971,
  author = {Fetter, A. L. and Walecka, J. D.},
  title = {{Quantum Theory of Many-Particle Systems}},
  publisher = {McGraw-Hill},
  year = {1971}
}

@article{Feld2011,
  author = {Feld, M. and Fröhlich, B. and Vogt, E. and Koschorreck, M. and K\"ohl, M.},
  title = {{Observation of a pairing pseudogap in a two-dimensional Fermi gas}},
  doi = {10.1038/nature10627},
  journal = {Nature},
  volume = {480},
  pages = {75--78},
  year = {2011}
}

@article{Floerchinger2008,
  author = {Floerchinger, S. and Scherer, M. and Diehl, S. and Wetterich, C.},
  title = {{Particle-hole fluctuations in BCS-BEC crossover}},
  doi = {10.1103/PhysRevB.78.174528},
  journal = {Phys. Rev. B},
  volume = {78},
  pages = {174528},
  year = {2008}
}

@phdthesis{Floerchinger2009,
  author = {Floerchinger, S.},
  title = {{Functional renormalization and ultracold quantum gases}},
  doi = {10.11588/heidok.00009615},
  school = {U. Heidelberg, ITP},
  year = {2009}
}

@phdthesis{Frank2018,
  author = {Frank, B.},
  title = {{Thermodynamics and Transport in Fermi Gases near Unitarity}},
  school = {TU München, T34},
  year = {2018}
}

@article{Frank2018-1,
  author = {Frank, B. and Lang, J. and Zwerger, W.},
  title = {{Universal Phase Diagram and Scaling Functions of Imbalanced Fermi Gases}},
  doi = {10.1134/S1063776118110031},
  journal = {J. Exp. Theor. Phys.},
  volume = {127},
  pages = {812–825},
  year = {2018}
}

@article{Fratini2013,
  author = {Fratini, E. and Pieri, P.},
  title = {{Single-particle spectral functions in the normal phase of a strongly attractive Bose-Fermi mixture}},
  doi = {10.1103/PhysRevA.88.013627},
  journal = {Phys. Rev. A},
  volume = {88},
  pages = {013627},
  year = {2013}
}

@article{Gorkov1961,
  author = {Gorkov, L. P. and Melik-Barkhudarov, T. K.},
  title = {{Contribution to the Theory of Superfluidity in an Imperfect Fermi Gas}},
  journal = {Sov. Phys. JETP},
  volume = {13},
  number = {5},
  pages = {1018},
  year = {1961}
}

@article{Hanai2013,
  author = {Hanai, R. and Ohashi, Y.},
  title = {{Self-Consistent T-Matrix Approach to an Interacting Ultracold Fermi Gas with Mass Imbalance}},
  doi = {10.1007/s10909-013-0909-3},
  journal = {J. Low Temp. Phys.},
  volume = {175},
  pages = {272–278},
  year = {2014}
}

@article{Hanai2014,
  author = {Hanai, R. and Ohashi, Y.},
  title = {{Heteropairing and component-dependent pseudogap phenomena in an ultracold Fermi gas with different species with different masses}},
  doi = {10.1103/PhysRevA.90.043622},
  journal = {Phys. Rev. A},
  volume = {90},
  pages = {043622},
  year = {2014}
}

@article{Haussmann1993,
  author = {Haussmann, R.},
  title = {{Crossover from BCS superconductivity to Bose-Einstein condensation: a self-consistent theory}},
  doi = {10.1007/BF01344058},
  journal = {Z. Phys. B},
  volume = {91},
  pages = {291-308},
  year = {1993}
}

@article{Haussmann1994,
  author = {Haussmann, R.},
  title = {{Properties of a Fermi liquid at the superfluid transition in the crossover region between BCS superconductivity and Bose-Einstein condensation}},
  doi = {10.1103/PhysRevB.49.12975},
  journal = {Phys. Rev. B},
  volume = {49},
  pages = {12975-12983},
  year = {1994}
}

@book{Haussmann1999,
  author = {Haussmann, R.},
  title = {{Self-consistent Quantum Field Theory and Bosonization for Strongly Correlated Electron Systems}},
  publisher = {Springer},
  year = {1999}
}

@article{Haussmann2007,
  author = {Haussmann, R. and Rantner, W. and Cerrito, S. and Zwerger, W.},
  title = {{Thermodynamics of the BCS-BEC crossover}},
  doi = {10.1103/PhysRevA.75.023610},
  journal = {Phys. Rev. A},
  volume = {75},
  pages = {023610},
  year = {2007}
}

@article{Haussmann2009,
  author = {Haussmann, R. and Punk, M. and Zwerger, W.},
  title = {{Spectral functions and rf response of ultracold fermionic atoms}},
  doi = {10.1103/PhysRevA.80.063612},
  journal = {Phys. Rev. A},
  volume = {80},
  pages = {063612},
  year = {2009}
}

@article{Hu2008,
  author = {Hu, H. and Mulkerin, B. C. and Wang, J. and Liu, X.-J.},
  title = {{Comparative study of strong-coupling theories of a trapped Fermi gas at unitarity}},
  doi = {10.1103/PhysRevA.77.061605},
  journal = {Phys. Rev. A},
  volume = {77},
  pages = {061605(R)},
  year = {2008}
}

@article{Hu2011,
  author = {Hu, H. and Liu, X.-J. and Drummond, P. D.},
  title = {{Universal contact of strongly interacting fermions at finite temperatures}},
  doi = {10.1088/1367-2630/13/3/035007},
  journal = {New Journal of Physics},
  volume = {13},
  pages = {035007},
  year = {2011}
}

@article{Hu2018,
  author = {Hu, H. and Mulkerin, B. C. and Wang, J. and Liu, X.-J.},
  title = {{Attractive Fermi polarons at nonzero temperatures with a finite impurity concentration}},
  doi = {10.1103/PhysRevA.98.013626},
  journal = {Phys. Rev. A},
  volume = {98},
  pages = {013626},
  year = {2018}
}

@article{Hu2022,
  author = {Hu, H. and Liu, X.-J.},
  title = {{Fermi polarons at finite temperature: Spectral function and rf spectroscopy}},
  doi = {10.1103/PhysRevA.105.043303},
  journal = {Phys. Rev. A},
  volume = {105},
  pages = {043303},
  year = {2022}
}

@mastersthesis{Horak2019,
  author = {Horak, J.},
  title = {{Spectral Functions from Dyson-Schwinger Equations with Dimensional Regularization}},
  school = {U. Heidelberg, ITP},
  year = {2019}
}

@article{Horak2020,
  author = {Horak, J. and Pawlowski, J. M. and Wink, N.},
  title = {{Spectral functions in the ${\ensuremath{\phi}}^{4}$-theory from the spectral Dyson-Schwinger equations}},
  doi = {10.1103/PhysRevD.102.125016},
  journal = {Phys. Rev. D},
  volume = {102},
  pages = {125016},
  year = {2020}
}

@inproceedings{Jarrell2012,
  author = {Jarrell, M.},
  title = {{The Maximum Entropy Method: Analytic Continuation of QMC Data}},
  url = {https://www.cond-mat.de/events/correl12/manuscripts/jarrell.pdf},
  year = {2012}
}

@article{Jensen2019,
  author = {Jensen, S. and Gilbreth, C. N. and Alhassid, Y.},
  title = {{The pseudogap regime in the unitary Fermi gas}},
  doi = {10.1140/epjst/e2019-800105-y},
  journal = {Eur. Phys. J. Special Topics},
  volume = {227},
  pages = {2241–2261},
  year = {2019}
}

@article{Jensen2020,
  author = {Jensen, S. and Gilbreth, C. N. and Alhassid, Y.},
  title = {{Contact in the Unitary Fermi Gas across the Superfluid Phase Transition}},
  doi = {10.1103/PhysRevLett.125.043402},
  journal = {Phys. Rev. Lett.},
  volume = {125},
  pages = {043402},
  year = {2020}
}

@article{Kallen1952,
  author = {Kallen, G.},
  title = {{On the definition of the Renormalization Constants in Quantum Electrodynamics}},
  doi = {10.1007/978-3-319-00627-7_90},
  journal = {Helv. Phys. Acta},
  volume = {25},
  pages = {417},
  year = {1952}
}

@mastersthesis{Kaltschmidt2021,
  author = {Kaltschmidt, M.},
  title = {{Quark Spectral Functions from Dyson-Schwinger Equations with Spectral Renormalization}},
  school = {U. Heidelberg, ITP},
  year = {2021}
}

@article{Kamikado2017,
  author = {Kamikado, K. and Kanazawa, T. and Uchino, S.},
  title = {{Mobile impurity in a Fermi sea from the functional renormalization group analytically continued to real time}},
  doi = {10.1103/PhysRevA.95.013612},
  journal = {Phys. Rev. A},
  volume = {95},
  pages = {013612},
  year = {2017}
}

@book{Kapusta2006,
  author = {Kapusta, J. I. and Gale, C.},
  title = {Finite-Temperature Field Theory: Principles and Applications},
  publisher = {Cambridge University Press},
  year = {2006}
}

@article{Kashimura2012,
  author = {Kashimura, T. and Watanabe, R. and Ohashi, Y.},
  title = {{Spin susceptibility and fluctuation corrections in the BCS-BEC crossover regime of an ultracold Fermi gas}},
  doi = {10.1103/PhysRevA.86.043622},
  journal = {Phys. Rev. A},
  volume = {86},
  pages = {043622},
  year = {2012}
}

@article{Kashimura2014,
  author = {Kashimura, T. and Watanabe, R. and Ohashi, Y.},
  title = {{Pseudogap phenomenon and effects of population imbalance in the normal state of a unitary Fermi gas}},
  doi = {10.1103/PhysRevA.89.013618},
  journal = {Phys. Rev. A},
  volume = {89},
  pages = {013618},
  year = {2014}
}

@book{Kopietz2010,
  author = {Kopietz, P. and Bartosch, L. and Sch\"utz, F.},
  title = {{Introduction to the Functional Renormalization Group}},
  doi = {10.1007/978-3-642-05094-7},
  publisher = {Springer},
  year = {2010}
}

@article{Ku2012,
  author = {Ku, M. J. H. and Sommer, A. T. and Lawrence, W. C. and Zwierlein, M. W.},
  title = {{Revealing the Superfluid Lambda Transition in the Universal Thermodynamics of a Unitary Fermi Gas}},
  doi = {10.1126/science.1214987},
  journal = {Science},
  volume = {335},
  number = {6068},
  pages = {563-567},
  year = {2012}
}

@misc{Lang2023,
  author = {Lang, J.},
  title = {{Keldysh approach to strongly interacting Fermi gases}},
  howpublished = {private communication},
  year = {2023}
}

@book{LeBellac1996,
  author = {Le Bellac, M.},
  title = {{Thermal Field Theory}},
  publisher = {Cambridge University Press},
  year = {1996}
}

@article{Lehmann1954,
  author = {Lehmann, H.},
  title = {{Über Eigenschaften von Ausbreitungsfunktionen und Renormierungskonstanten quantisierter Felder}},
  doi = {10.1007/BF02783624},
  journal = {Nuovo Cim},
  volume = {11},
  pages = {342–357},
  year = {1954}
}

@article{Lepage2021,
  author = {Lepage, G. P.},
  title = {{Adaptive multidimensional integration: vegas enhanced}},
  doi = {10.1016/j.jcp.2021.110386},
  journal = {J. Comput. Phys.},
  volume = {439},
  pages = {110386},
  year = {2021}
}

@article{Liu2005,
  author = {Liu, X.-J. and Hu, H.},
  title = {{Self-consistent theory of atomic Fermi gases with a Feshbach resonance at the superfluid transition}},
  doi = {10.1103/PhysRevA.72.063613},
  journal = {Phys. Rev. A},
  volume = {72},
  pages = {063613},
  year = {2005}
}

@article{Magierski2009,
  author = {Magierski, P. and Wlaz\l{}owski, G. and Bulgac, A. and Drut, J. E.},
  title = {{Finite-Temperature Pairing Gap of a Unitary Fermi Gas by Quantum Monte Carlo Calculations}},
  doi = {10.1088/0034-4885/77/3/034401},
  journal = {Phys. Rev. Lett.},
  volume = {103},
  pages = {210403},
  year = {2009}
}

@article{Massignan2014,
  author = {Massignan, P. and Zaccanti, M. and Bruun, G. M.},
  title = {{Polarons, dressed molecules and itinerant ferromagnetism in ultracold Fermi gases}},
  doi = {10.1088/0034-4885/77/3/034401},
  journal = {Rep. Prog. Phys.},
  volume = {77},
  pages = {034401},
  year = {2014}
}

@misc{Mathematica2022,
  author = {Inc., Wolfram Research},
  title = {{Mathematica, Version 13.1}},
  url = {https://www.wolfram.com/mathematica},
  note = {Champaign, IL},
  year = {2022}
}

@article{Milczewski2022,
  author = {von Milczewski, Jonas and Rose, F\'elix and Schmidt, Richard},
  title = {{Functional-renormalization-group approach to strongly coupled Bose-Fermi mixtures in two dimensions}},
  doi = {10.1103/PhysRevA.105.013317},
  journal = {Phys. Rev. A},
  volume = {105},
  pages = {013317},
  year = {2022}
}

@phdthesis{Moroz2011,
  author = {Moroz, S.},
  title = {{Few-body physics with functional renormalization}},
  doi = {10.11588/heidok.00011602},
  school = {U. Heidelberg, ITP},
  year = {2011}
}

@article{Mukherjee2019,
  author = {Mukherjee, B. and Patel, P. B. and Yan, Z. and Fletcher, R. J. and Struck, J. and Zwierlein, M. W.},
  title = {{Spectral Response and Contact of the Unitary Fermi Gas}},
  doi = {10.1103/PhysRevLett.122.203402},
  journal = {Phys. Rev. Lett.},
  volume = {122},
  pages = {203402},
  year = {2019}
}

@article{Mulkerin2015,
  author = {Mulkerin, B. C. and Fenech, K. and Dyke, P. and Vale, C. J. and Liu, X.-J. and Hu, H.},
  title = {{Comparison of strong-coupling theories for a two-dimensional Fermi gas}},
  doi = {10.1103/PhysRevA.92.063636},
  journal = {Phys. Rev. A},
  volume = {92},
  pages = {063636},
  year = {2015}
}

@article{Mulkerin2019,
  author = {Mulkerin, B. C. and Liu, X.-J. and Hu, H.},
  title = {{Breakdown of the Fermi polaron description near Fermi degeneracy at unitarity}},
  doi = {10.1016/j.aop.2019.04.018},
  journal = {Ann. Phys.},
  volume = {407},
  pages = {29-45},
  year = {2019}
}

@article{Mulkerin2020,
  author = {Mulkerin, B. C. and Liu, X.-J. and Hu, H.},
  title = {{Pseudogap regime of a strongly interacting two-dimensional Fermi gas with and without confinement-induced effective range of interactions}},
  doi = {10.1103/PhysRevA.102.013313},
  journal = {Phys. Rev. A},
  volume = {102},
  pages = {013313},
  year = {2020}
}

@misc{Nijholt2019,
  author = {Nijholt, B. and Weston, J. and Hoofwijk, J. and Akhmerov, A.},
  title = {{Adaptive: Parallel active learning of mathematical functions}},
  doi = {10.5281/zenodo.1182437},
  publisher = {Zenodo},
  year = {2019}
}

@article{Nikolic2007,
  author = {Nikoli\'c, P. and Sachdev, S.},
  title = {{Renormalization-group fixed points, universal phase diagram, and $1∕N$ expansion for quantum liquids with interactions near the unitarity limits}},
  doi = {10.1103/PhysRevA.75.033608},
  journal = {Phys. Rev. A},
  volume = {75},
  pages = {033608},
  year = {2007}
}

@article{Nozieres1985,
  author = {Nozieres, P. and Schmitt-Rink, S.},
  title = {{Bose condensation in an attractive fermion gas: From weak to strong coupling superconductivity}},
  doi = {10.1007/BF00683774},
  journal = {J. Low Temp. Phys.},
  volume = {59},
  pages = {195},
  year = {1985}
}

@article{Palestini2010,
  author = {Palestini, F. and Perali, A. and Pieri, P. and Strinati, G. C.},
  title = {{Temperature and coupling dependence of the universal contact intensity for an ultracold Fermi gas}},
  doi = {10.1103/PhysRevA.82.021605},
  journal = {Phys. Rev. A},
  volume = {82},
  pages = {021605},
  year = {2010}
}

@article{Palestini2012,
  author = {Palestini, F. and Perali, A. and Pieri, P. and Strinati, G. C.},
  title = {{Dispersions, weights, and widths of the single-particle spectral function in the normal phase of a Fermi gas}},
  doi = {10.1103/PhysRevB.85.024517},
  journal = {Phys. Rev. B},
  volume = {85},
  pages = {024517},
  year = {2012}
}

@article{Parish2023,
  author = {Parish, M. and Levinsen, J.},
  title = {{Fermi polarons and beyond}},
  doi = {10.48550/arXiv.2306.01215},
  journal = {arXiv},
  year = {2023}
}

@article{Pawlowski2007,
  author = {Pawlowski, J. M.},
  title = {{Aspects of the functional renormalisation group}},
  doi = {10.1016/j.aop.2007.01.007},
  journal = {Ann. Phys.},
  volume = {322},
  pages = {2831-2915},
  year = {2007}
}

@article{Pawlowski2021,
  author = {Pawlowski, J. M. and Schneider, C. S. and Wink, N.},
  title = {{QMeS-Derivation: Mathematica package for the symbolic derivation of functional equations}},
  doi = {10.48550/arXiv.2102.01410},
  journal = {arXiv},
  year = {2021}
}

@article{Perali2002,
  author = {Perali, A. and Pieri, P. and Strinati, G. C. and Castellani, C.},
  title = {{Pseudogap and spectral function from superconducting fluctuations to the bosonic limit}},
  doi = {10.1103/PhysRevB.66.024510},
  journal = {Phys. Rev. B},
  volume = {66},
  pages = {024510},
  year = {2002}
}

@article{Perali2004,
  author = {Perali, A. and Pieri, P. and Pisani, L. and Strinati, G. C.},
  title = {{BCS-BEC Crossover at Finite Temperature for Superfluid Trapped Fermi Atoms}},
  doi = {10.1103/PhysRevLett.92.220404},
  journal = {Phys. Rev. Lett.},
  volume = {92},
  pages = {220404},
  year = {2004}
}

@book{Peskin1995,
  author = {Peskin, M. E. and Schroeder, D. V.},
  title = {{An Introduction to Quantum Field Theory}},
  publisher = {Addison-Wesley},
  year = {1995}
}

@article{Pieri2004-1,
  author = {Pieri, P. and Pisani, L. and Strinati, G. C.},
  title = {{BCS-BEC crossover at finite temperature in the broken-symmetry phase}},
  doi = {10.1103/PhysRevB.70.094508},
  journal = {Phys. Rev. B},
  volume = {70},
  pages = {094508},
  year = {2004}
}

@article{Pieri2004-2,
  author = {Pieri, P. and Pisani, L. and Strinati, G. C.},
  title = {{Pairing Fluctuation Effects on the Single-Particle Spectra for the Superconducting State}},
  doi = {10.1103/PhysRevLett.92.110401},
  journal = {Phys. Rev. Lett.},
  volume = {92},
  pages = {110401},
  year = {2004}
}

@article{Pini2019,
  author = {Pini, M. and Pieri, P. and Strinati, G. C.},
  title = {{Fermi gas throughout the BCS-BEC crossover: Comparative study of $t$-matrix approaches with various degrees of self-consistency}},
  doi = {10.1103/PhysRevB.99.094502},
  journal = {Phys. Rev. B},
  volume = {99},
  pages = {094502},
  year = {2019}
}

@article{Prokofev2008,
  author = {Prokof'ev, N. V. and Svistunov, B. V.},
  title = {{Bold diagrammatic Monte Carlo: A generic sign-problem tolerant technique for polaron models and possibly interacting many-body problems}},
  doi = {10.1103/PhysRevB.77.125101},
  journal = {Phys. Rev. B},
  volume = {77},
  pages = {125101},
  year = {2008}
}

@article{Punk2007,
  author = {Punk, M. and Zwerger, W.},
  title = {{Theory of rf-Spectroscopy of Strongly Interacting Fermions}},
  doi = {10.1103/PhysRevLett.99.170404},
  journal = {Phys. Rev. Lett.},
  volume = {99},
  pages = {170404},
  year = {2007}
}

@phdthesis{Punk2010,
  author = {Punk, M.},
  title = {{Many-particle physics with ultracold gases}},
  school = {TU München, T34},
  year = {2010}
}

@article{Randeria2014,
  author = {Randeria, M and Taylor, E.},
  title = {{Crossover from Bardeen-Cooper-Schrieffer to Bose-Einstein Condensation and the Unitary Fermi Gas}},
  doi = {10.1146/annurev-conmatphys-031113-133829},
  journal = {Ann. Rev. Condensed Matter Phys.},
  volume = {5},
  pages = {209-232},
  year = {2014}
}

@article{Rammelmueller2018,
  author = {Rammelm\"uller, L. and Loheac, A. C. and Drut, J. E. and Braun, J.},
  title = {{Finite-Temperature Equation of State of Polarized Fermions at Unitarity}},
  doi = {10.1103/PhysRevLett.121.173001},
  journal = {Phys. Rev. Lett.},
  volume = {121},
  pages = {173001},
  year = {2018}
}

@article{Reichl2015,
  author = {Reichl, M. D. and Mueller, E. J.},
  title = {{Quasiparticle dispersions and lifetimes in the normal state of the BCS-BEC crossover}},
  doi = {10.1103/PhysRevA.91.043627},
  journal = {Phys. Rev. A},
  volume = {91},
  pages = {043627},
  year = {2015}
}

@article{Rohe2001,
  author = {Rohe, D. and Metzner, W.},
  title = {{Pair-fluctuation-induced pseudogap in the normal phase of the two-dimensional attractive Hubbard model at weak coupling}},
  doi = {10.1103/PhysRevB.63.224509},
  journal = {Phys. Rev. B},
  volume = {63},
  pages = {224509},
  year = {2001}
}

@article{Romans2005,
  author = {Romans, M. W. J. and Stoof, H. T. C.},
  title = {{Dressed Feshbach Molecules in the BEC-BCS Crossover}},
  doi = {10.1103/PhysRevLett.95.260407},
  journal = {Phys. Rev. Lett.},
  volume = {95},
  pages = {260407},
  year = {2005}
}

@article{Romans2006,
  author = {Romans, M. W. J. and Stoof, H. T. C.},
  title = {{Bogoliubov theory of Feshbach molecules in the BEC-BCS crossover}},
  doi = {10.1103/PhysRevA.74.053618},
  journal = {Phys. Rev. A},
  volume = {74},
  pages = {053618},
  year = {2006}
}

@article{Rossi2018,
  author = {Rossi, R. and Ohgoe, T. and Kozik, E. and Prokof'ev, N. and Svistunov, B. and Van Houcke, K. and Werner, F.},
  title = {{Contact and Momentum Distribution of the Unitary Fermi Gas}},
  doi = {10.1103/PhysRevLett.121.130406},
  journal = {Phys. Rev. Lett.},
  volume = {121},
  pages = {130406},
  year = {2018}
}

@article{SadeMelo1993,
  author = {Sa de Melo, C. A. R. and Randeria, M. and Engelbrecht, J. R.},
  title = {{Crossover from BCS to Bose superconductivity: Transition temperature and time-dependent Ginzburg-Landau theory}},
  doi = {10.1103/PhysRevLett.71.3202},
  journal = {Phys. Rev. Lett.},
  volume = {71},
  pages = {3202--3205},
  year = {1993}
}

@article{Scazza2022,
	author = {Scazza, F. and Zaccanti, M. and Massignan, P. and Parish, M. M. and Levinsen, J.},
	title = {{Repulsive Fermi and Bose Polarons in Quantum Gases}},
	doi = {10.3390/atoms10020055},
	journal = {Atoms},
	volume = {10},
	pages = {55},
	year = {2022}
}

@article{Schirotzek2009,
  author = {Schirotzek, A. and Wu, C.-H. and Sommer, A. and Zwierlein, M. W.},
  title = {{Observation of Fermi Polarons in a Tunable Fermi Liquid of Ultracold Atoms}},
  doi = {10.1103/PhysRevLett.102.230402},
  journal = {Phys. Rev. Lett.},
  volume = {102},
  pages = {230402},
  year = {2009}
}

@article{Schmidt2011,
  author = {Schmidt, R. and Enss, T.},
  title = {{Excitation spectra and rf response near the polaron-to-molecule transition from the functional renormalization group}},
  doi = {10.1103/PhysRevA.83.063620},
  journal = {Phys. Rev. A},
  volume = {83},
  pages = {063620},
  year = {2011}
}

@article{Schmidt2012,
  author = {Schmidt, R. and Enss, T. and Pietil\"a, V. and Demler, E.},
  title = {{Fermi polarons in two dimensions}},
  doi = {10.1103/PhysRevA.85.021602},
  journal = {Phys. Rev. A},
  volume = {85},
  pages = {021602},
  year = {2012}
}

@phdthesis{Schmidt2013,
  author = {Schmidt, R.},
  title = {{From few- to many-body physics with ultracold atoms}},
  school = {TU München, T34},
  year = {2013}
}

@article{Schneider2009,
  author = {Schneider, W. and Shenoy, V. B. and Randeria, M.},
  title = {{Theory of Radio Frequency Spectroscopy of Polarized Fermi Gases}},
  doi = {10.48550/arXiv.0903.3006},
  journal = {arXiv},
  year = {2009}
}

@article{Schwinger1951,
  author = {Schwinger, J.},
  title = {{On the Green’s functions of quantized fields. I}},
  doi = {10.1073/pnas.37.7.45},
  journal = {Proceedings of the National Academy of Sciences},
  volume = {37},
  pages = {452-455},
  year = {1951}
}

@article{Sekino2020,
  author = {Sekino, Y. and Tajima, H. and Uchino, S.},
  title = {{Mesoscopic spin transport between strongly interacting Fermi gases}},
  doi = {10.1103/PhysRevResearch.2.023152},
  journal = {Phys. Rev. Res.},
  volume = {2},
  pages = {023152},
  year = {2020}
}

@article{Strinati2018,
  author = {Strinati, G. C. and Pieri, P. and Röpke, G. and Schuck, P. and Urban, M.},
  title = {{The BCS–BEC crossover: From ultra-cold Fermi gases to nuclear systems}},
  doi = {10.1016/j.physrep.2018.02.004},
  journal = {Phys. Rep.},
  volume = {738},
  pages = {1-76},
  year = {2018}
}

@article{Swanson2010,
  author = {Swanson, E. S.},
  title = {{A Primer on Functional Methods and the Schwinger-Dyson Equations}},
  doi = {10.48550/arXiv.1008.4337},
  journal = {arXiv},
  year = {2010}
}

@article{Tajima2018,
  author = {Tajima, H.},
  title = {{Precursor of superfluidity in a strongly interacting Fermi gas with negative effective range}},
  doi = {10.1103/PhysRevA.97.043613},
  journal = {Phys. Rev. A},
  volume = {97},
  pages = {043613},
  year = {2018}
}

@article{Tajima2019,
  author = {Tajima, H. and Uchino, S.},
  title = {{Thermal crossover, transition, and coexistence in Fermi polaronic spectroscopies}},
  doi = {10.1103/PhysRevA.99.063606},
  journal = {Phys. Rev. A},
  volume = {99},
  pages = {063606},
  year = {2019}
}

@article{Tajima2021,
  author = {Tajima, H. and Takahashi, J. and Mistakidis, S. I. and Nakano, E. and Iida, K.},
  title = {{Polaron Problems in Ultracold Atoms: Role of a Fermi Sea across Different Spatial Dimensions and Quantum Fluctuations of a Bose Medium}},
  doi = {10.3390/atoms9010018},
  journal = {Atoms},
  volume = {9},
  pages = {18},
  year = {2021}
}

@article{Thouless1960,
  author = {Thouless, D. J.},
  title = {{Perturbation theory in statistical mechanics and the theory of superconductivity}},
  doi = {10.1016/0003-4916(60)90122-6},
  journal = {Ann. Phys.},
  volume = {10},
  pages = {553-588},
  year = {1960}
}

@article{Tsuchiya2011,
  author = {Tsuchiya, S. and Watanabe, R. and Ohashi, Y.},
  title = {{Pseudogap temperature and effects of a harmonic trap in the BCS-BEC crossover regime of an ultracold Fermi gas}},
  doi = {10.1103/PhysRevA.84.043647},
  journal = {Phys. Rev. A},
  volume = {84},
  pages = {043647},
  year = {2011}
}

@article{VanHoucke2020,
  author = {Van Houcke, K. and Werner, F. and Rossi, R.},
  title = {{High-precision numerical solution of the Fermi polaron problem and large-order behavior of its diagrammatic series}},
  doi = {10.1103/PhysRevB.101.045134},
  journal = {Phys. Rev. B},
  volume = {101},
  pages = {045134},
  year = {2020}
}

@phdthesis{VanLoon2020,
  author = {Van Loon, S.},
  title = {{Path integral description of excitations in superfluid Fermi gases}},
  url = {https://repository.uantwerpen.be/docman/irua/b81800/svanloonthesisfinal.pdf},
  school = {U. Antwerpen},
  year = {2020}
}

@article{Veillette2008,
  author = {Veillette, M. and Moon, E. G. and Lamacraft, A. and Radzihovsky, L. and Sachdev, S. and Sheehy, D. E.},
  title = {{Radio-frequency spectroscopy of a strongly imbalanced Feshbach-resonant Fermi gas}},
  doi = {10.1103/PhysRevA.78.033614},
  journal = {Phys. Rev. A},
  volume = {78},
  pages = {033614},
  year = {2008}
}

@article{Virtanen2019,
  author = {Virtanen, P. and Gommers, R. and Oliphant, T.E. and Haberland, M. and Reddy, T.},
  title = {{SciPy 1.0: fundamental algorithms for scientific computing in Python}},
  doi = {10.1038/s41592-019-0686-2},
  journal = {Nature Methods},
  volume = {17},
  pages = {261--272},
  year = {2019}
}

@article{Vlietinck2013,
  author = {Vlietinck, J. and Ryckebusch, J. and Van Houcke, K.},
  title = {{Quasiparticle properties of an impurity in a Fermi gas}},
  doi = {10.1103/PhysRevB.87.115133},
  journal = {Phys. Rev. B},
  volume = {87},
  pages = {115133},
  year = {2013}
}

@article{Watanabe2010,
  author = {Watanabe, R. and Tsuchiya, S. and Ohashi, Y.},
  title = {{Superfluid density of states and pseudogap phenomenon in the BCS-BEC crossover regime of a superfluid Fermi gas}},
  doi = {10.1103/PhysRevA.82.043630},
  journal = {Phys. Rev. A},
  volume = {82},
  pages = {043630},
  year = {2010}
}

@article{Wightman1956,
  author = {Wightman, A. S.},
  title = {{Quantum Field Theory in Terms of Vacuum Expectation Values}},
  doi = {10.1103/PhysRev.101.860},
  journal = {Phys. Rev.},
  volume = {101},
  pages = {860--866},
  year = {1956}
}

@phdthesis{Wink2020,
  author = {Wink, N.},
  title = {{Towards the spectral properties and phase structure of QCD}},
  doi = {10.11588/heidok.00028503},
  school = {U. Heidelberg, ITP},
  year = {2020}
}

@mastersthesis{Winkel2021,
  author = {Winkel, J.},
  title = {{Finite Temperature Spectral Functions from spectral Dyson-Schwinger Equations}},
  school = {U. Heidelberg, ITP},
  year = {2021}
}

@article{Yan2019,
  author = {Yan, Z. and Patel, P. B. and Mukherjee, B. and Fletcher, R. J. and Struck, J. and Zwierlein, M. W.},
  title = {{Boiling a Unitary Fermi Liquid}},
  doi = {10.1103/PhysRevLett.122.093401},
  journal = {Phys. Rev. Lett.},
  volume = {122},
  pages = {093401},
  year = {2019}
}

@article{Zwerger2016,
  author = {Zwerger, W.},
  title = {{Strongly Interacting Fermi Gases}},
  doi = {10.48550/arXiv.1608.00457},
  journal = {arXiv},
  year = {2016}
}